@book { NumericalRecipes,
    author = "William H. Press",
    author = "Saul A. Teukolsky",
    author = "William T. Vetterling",
    author = "Brian P. Flannery",
    title = "Numerical Recipes: The Art of Scientific Computing",
    year = 2007,
    edition = 3
}

@article { OnlineGMM,
    author = "Mingzhou Song and Hongbin Wang",
    title = "Highly Efficient Incremental Estimation of Gaussian Mixture Models for Online Data Stream Clustering",
    year = 2005,
    month = "March"
}
